%-------------------------------------------------------------------
%-------------------------------------------------------------------
%-------------------Collaborative Filtering-------------------------
%-------------------------------------------------------------------
%-------------------------------------------------------------------

@article{bresler2017regret,
  title={Regret Bounds and Regimes of Optimality for User-User and Item-Item Collaborative Filtering},
  author={Bresler, Guy and Karzand, Mina},
  journal={arXiv preprint arXiv:1711.02198},
  year={2017}
}

@inproceedings{song2016blind,
  title={Blind regression: Nonparametric regression for latent variable models via collaborative filtering},
  author={Song, Dogyoon and Lee, Christina E and Li, Yihua and Shah, Devavrat},
  booktitle={Advances in Neural Information Processing Systems},
  pages={2155--2163},
  year={2016}
}

@inproceedings{bresler2016collaborative,
  title={Collaborative filtering with low regret},
  author={Bresler, Guy and Shah, Devavrat and Voloch, Luis Filipe},
  booktitle={Proceedings of the 2016 ACM SIGMETRICS International Conference on Measurement and Modeling of Computer Science},
  pages={207--220},
  year={2016},
  organization={ACM}
}

@inproceedings{bresler2014latent,
  title={A latent source model for online collaborative filtering},
  author={Bresler, Guy and Chen, George H and Shah, Devavrat},
  booktitle={Advances in Neural Information Processing Systems},
  pages={3347--3355},
  year={2014}
}

@inproceedings{deshpande2012linear,
  title={Linear bandits in high dimension and recommendation systems},
  author={Deshpande, Yash and Montanari, Andrea},
  booktitle={Communication, Control, and Computing (Allerton), 2012 50th Annual Allerton Conference on},
  pages={1750--1754},
  year={2012},
  organization={IEEE}
}

@inproceedings{sutskever2009modelling,
  title={Modelling relational data using bayesian clustered tensor factorization},
  author={Sutskever, Ilya and Tenenbaum, Joshua B and Salakhutdinov, Ruslan R},
  booktitle={Advances in neural information processing systems},
  pages={1821--1828},
  year={2009}
}

@article{abernethy2007online,
  title={Online collaborative filtering},
  author={Abernethy, Jacob and Canini, Kevin and Langford, John and Simma, Alex}
}

@article{linden2003amazon,
  title={Amazon. com recommendations: Item-to-item collaborative filtering},
  author={Linden, Greg and Smith, Brent and York, Jeremy},
  journal={IEEE Internet computing},
  volume={7},
  number={1},
  pages={76--80},
  year={2003},
  publisher={IEEE}
}

@inproceedings{resnick1994grouplens,
  title={GroupLens: an open architecture for collaborative filtering of netnews},
  author={Resnick, Paul and Iacovou, Neophytos and Suchak, Mitesh and Bergstrom, Peter and Riedl, John},
  booktitle={Proceedings of the 1994 ACM conference on Computer supported cooperative work},
  pages={175--186},
  year={1994},
  organization={ACM}
}

%-------------------------------------------------------------------
%-------------------------------------------------------------------
%-----------------Follow the Perturbed Leader-----------------------
%-------------------------------------------------------------------
%-------------------------------------------------------------------

@article{kalai2005efficient,
  title={Efficient algorithms for online decision problems},
  author={Kalai, Adam and Vempala, Santosh},
  journal={Journal of Computer and System Sciences},
  volume={71},
  number={3},
  pages={291--307},
  year={2005},
  publisher={Elsevier}
}

@inproceedings{devroye2013prediction,
  title={Prediction by random-walk perturbation},
  author={Devroye, Luc and Lugosi, G{\'a}bor and Neu, Gergely},
  booktitle={Conference on Learning Theory},
  pages={460--473},
  year={2013}
}

@inproceedings{abernethy2015fighting,
  title={Fighting bandits with a new kind of smoothness},
  author={Abernethy, Jacob D and Lee, Chansoo and Tewari, Ambuj},
  booktitle={Advances in Neural Information Processing Systems},
  pages={2197--2205},
  year={2015}
}

@article{neu2016importance,
  title={Importance weighting without importance weights: An efficient algorithm for combinatorial semi-bandits},
  author={Neu, Gergely and Bart{\'o}k, G{\'a}bor},
  journal={Journal of Machine Learning Research},
  volume={17},
  number={154},
  pages={1--21},
  year={2016}
}

@article{audibert2013regret,
  title={Regret in online combinatorial optimization},
  author={Audibert, Jean-Yves and Bubeck, S{\'e}bastien and Lugosi, G{\'a}bor},
  journal={Mathematics of Operations Research},
  volume={39},
  number={1},
  pages={31--45},
  year={2013},
  publisher={INFORMS}
}

@inproceedings{poland2005fpl,
  title={FPL analysis for adaptive bandits},
  author={Poland, Jan},
  booktitle={SAGA},
  pages={58--69},
  year={2005},
  organization={Springer}
}

%-------------------------------------------------------------------
%-------------------------------------------------------------------
%---------------------Contextual Bandits----------------------------
%-------------------------------------------------------------------
%-------------------------------------------------------------------

@article{bubeck2012regret,
  title={Regret analysis of stochastic and nonstochastic multi-armed bandit problems},
  author={Bubeck, S{\'e}bastien and Cesa-Bianchi, Nicolo and others},
  journal={Foundations and Trends{\textregistered} in Machine Learning},
  volume={5},
  number={1},
  pages={1--122},
  year={2012},
  publisher={Now Publishers, Inc.}
}

@article{dudik2016oracle,
  title={Oracle-Efficient Learning and Auction Design},
  author={Dud{\'\i}k, Miroslav and Haghtalab, Nika and Luo, Haipeng and Schapire, Robert E and Syrgkanis, Vasilis and Vaughan, Jennifer Wortman},
  journal={arXiv preprint arXiv:1611.01688},
  year={2016}
}

@inproceedings{syrgkanis2016efficient,
  title={Efficient algorithms for adversarial contextual learning},
  author={Syrgkanis, Vasilis and Krishnamurthy, Akshay and Schapire, Robert},
  booktitle={International Conference on Machine Learning},
  pages={2159--2168},
  year={2016}
}
@inproceedings{piccolboni2001discrete,
  title={Discrete prediction games with arbitrary feedback and loss},
  author={Piccolboni, Antonio and Schindelhauer, Christian},
  booktitle={Computational Learning Theory},
  pages={208--223},
  year={2001},
  organization={Springer}
}

@inproceedings{agarwal2014taming,
  title={Taming the monster: A fast and simple algorithm for contextual bandits},
  author={Agarwal, Alekh and Hsu, Daniel and Kale, Satyen and Langford, John and Li, Lihong and Schapire, Robert},
  booktitle={International Conference on Machine Learning},
  pages={1638--1646},
  year={2014}
}

@inproceedings{syrgkanis2016improved,
  title={Improved regret bounds for oracle-based adversarial contextual bandits},
  author={Syrgkanis, Vasilis and Luo, Haipeng and Krishnamurthy, Akshay and Schapire, Robert E},
  booktitle={Advances in Neural Information Processing Systems},
  pages={3135--3143},
  year={2016}
}

@inproceedings{rakhlin2016bistro,
  title={Bistro: An efficient relaxation-based method for contextual bandits},
  author={Rakhlin, Alexander and Sridharan, Karthik},
  booktitle={International Conference on Machine Learning (ICML)},
  year={2016}
}

@inproceedings{neu2015explore,
  title={Explore no more: Improved high-probability regret bounds for non-stochastic bandits},
  author={Neu, Gergely},
  booktitle={Advances in Neural Information Processing Systems},
  pages={3168--3176},
  year={2015}
}

@inproceedings{beygelzimer2011contextual,
  title={Contextual bandit algorithms with supervised learning guarantees},
  author={Beygelzimer, Alina and Langford, John and Li, Lihong and Reyzin, Lev and Schapire, Robert},
  booktitle={Proceedings of the Fourteenth International Conference on Artificial Intelligence and Statistics},
  pages={19--26},
  year={2011}
}

@article{auer2002exp4,
  title={The nonstochastic multiarmed bandit problem},
  author={Auer, Peter and Cesa-Bianchi, Nicolo and Freund, Yoav and Schapire, Robert E},
  journal={SIAM journal on computing},
  volume={32},
  number={1},
  pages={48--77},
  year={2002},
  publisher={SIAM}
}

%-------------------------------------------------------------------
%-------------------------------------------------------------------
%-------------------------Economics---------------------------------
%-------------------------------------------------------------------
%-------------------------------------------------------------------

@article{marschak1944random,
  title={Random simultaneous equations and the theory of production},
  author={Marschak, Jacob and Andrews, William H},
  journal={Econometrica},
  pages={143--205},
  year={1944},
  publisher={JSTOR}
}

@book{manski2009identification,
  title={Identification for prediction and decision},
  author={Manski, Charles F},
  year={2009},
  publisher={Harvard University Press}
}

@article{heidhues2015strategic,
  title={Strategic experimentation with private payoffs},
  author={Heidhues, Paul and Rady, Sven and Strack, Philipp},
  journal={Journal of Economic Theory},
  volume={159},
  pages={531--551},
  year={2015},
  publisher={Elsevier}
}

@article{molavi2015learning,
  title={Learning to coordinate in social networks},
  author={Molavi, Pooya and Eksin, Ceyhun and Ribeiro, Alejandro and Jadbabaie, Ali},
  journal={Operations Research},
  volume={64},
  number={3},
  pages={605--621},
  year={2015},
  publisher={INFORMS}
}

@article{bolton1999strategic,
  title={Strategic experimentation},
  author={Bolton, Patrick and Harris, Christopher},
  journal={Econometrica},
  volume={67},
  number={2},
  pages={349--374},
  year={1999},
  publisher={Wiley Online Library}
}

%-------------------------------------------------------------------
%-------------------------------------------------------------------
%--------------------Multi-agent learning---------------------------
%-------------------------------------------------------------------
%-------------------------------------------------------------------
@article{shahrampour2017multi,
title={Multi-Armed Bandits in Multi-Agent Networks},
  author={Shahin Shahrampour, Alexander Rakhlin, Ali Jadbabaie},
  journal={IEEE International Conference on Acoustics, Speech and Signal Processing (ICASSP)},
  year={2017}
}

@article{liu2010distributed,
  title={Distributed learning in multi-armed bandit with multiple players},
  author={Liu, Keqin and Zhao, Qing},
  journal={IEEE Transactions on Signal Processing},
  volume={58},
  number={11},
  pages={5667--5681},
  year={2010},
  publisher={IEEE}
}

@article{roughgarden2015intrinsic,
  title={Intrinsic robustness of the price of anarchy},
  author={Roughgarden, Tim},
  journal={Journal of the ACM (JACM)},
  volume={62},
  number={5},
  pages={32},
  year={2015},
  publisher={ACM}
}

@book{roughgarden2016twenty,
  title={Twenty Lectures on Algorithmic Game Theory},
  author={Roughgarden, Tim},
  year={2016},
  publisher={Cambridge University Press}
}
%-------------------------------------------------------------------
%-------------------------------------------------------------------
%--------------------Partial Monitoring-----------------------------
%-------------------------------------------------------------------
%-------------------------------------------------------------------


@ARTICLE{lattimore2018cleaning,
   author = {{Lattimore}, T. and {Szepesvari}, C.},
    title = "{Cleaning up the neighborhood: A full classification for adversarial partial monitoring}",
  journal = {ArXiv e-prints},
archivePrefix = "arXiv",
   eprint = {1805.09247},
 primaryClass = "cs.LG",
 keywords = {Computer Science - Learning, Statistics - Machine Learning},
     year = 2018,
    month = may,
   adsurl = {http://adsabs.harvard.edu/abs/2018arXiv180509247L},
  adsnote = {Provided by the SAO/NASA Astrophysics Data System}
}

@inproceedings{bartok2012partial,
  title={Partial monitoring with side information},
  author={Bart{\'o}k, G{\'a}bor and Szepesv{\'a}ri, Csaba},
  booktitle={International Conference on Algorithmic Learning Theory},
  pages={305--319},
  year={2012},
  organization={Springer}
}

@inproceedings{alon2013bandits,
  title={From bandits to experts: A tale of domination and independence},
  author={Alon, Noga and Cesa-Bianchi, Nicolo and Gentile, Claudio and Mansour, Yishay},
  booktitle={Advances in Neural Information Processing Systems},
  pages={1610--1618},
  year={2013}
}

@inproceedings{mannor2011bandits,
  title={From bandits to experts: On the value of side-observations},
  author={Mannor, Shie and Shamir, Ohad},
  booktitle={Advances in Neural Information Processing Systems},
  pages={684--692},
  year={2011}
}

@inproceedings{kocak2016online,
  title={Online learning with noisy side observations},
  author={Koc{\'a}k, Tom{\'a}{\v{s}} and Neu, Gergely and Valko, Michal},
  booktitle={International Conference on Artificial Intelligence and Statistics},
  pages={1186--1194},
  year={2016}
}

@article{bartok2014partial,
  title={Partial monitoring—classification, regret bounds, and algorithms},
  author={Bart{\'o}k, G{\'a}bor and Foster, Dean P and P{\'a}l, D{\'a}vid and Rakhlin, Alexander and Szepesv{\'a}ri, Csaba},
  journal={Mathematics of Operations Research},
  volume={39},
  number={4},
  pages={967--997},
  year={2014},
  publisher={INFORMS}
}

@inproceedings{foster2012no,
  title={No internal regret via neighborhood watch},
  author={Foster, Dean and Rakhlin, Alexander},
  booktitle={Artificial Intelligence and Statistics},
  pages={382--390},
  year={2012}
}

@inproceedings{bartok2011minimax,
  title={Minimax Regret of Finite Partial-Monitoring Games in Stochastic Environments.},
  author={Bart{\'o}k, G{\'a}bor and P{\'a}l, D{\'a}vid and Szepesv{\'a}ri, Csaba},
  booktitle={COLT},
  volume={2011},
  pages={133--154},
  year={2011}
}

@inproceedings{bartok2010toward,
  title={Toward a classification of finite partial-monitoring games},
  author={Bart{\'o}k, G{\'a}bor and P{\'a}l, D{\'a}vid and Szepesv{\'a}ri, Csaba},
  booktitle={International Conference on Algorithmic Learning Theory},
  pages={224--238},
  year={2010},
  organization={Springer}
}


@article{cesa2006regret,
  title={Regret minimization under partial monitoring},
  author={Cesa-Bianchi, Nicolo and Lugosi, G{\'a}bor and Stoltz, Gilles},
  journal={Mathematics of Operations Research},
  volume={31},
  number={3},
  pages={562--580},
  year={2006},
  publisher={INFORMS}
}

@inproceedings{cohen2016online,
  title={Online learning with feedback graphs without the graphs},
  author={Cohen, Alon and Hazan, Tamir and Koren, Tomer},
  booktitle={International Conference on Machine Learning},
  year={2016}
}

@inproceedings{alon2015online,
  title={Online Learning with Feedback Graphs: Beyond Bandits},
  author={Alon, Noga and Cesa-Bianchi, Nicolo and Dekel, Ofer and Koren, Tomer},
  booktitle={COLT},
  pages={23--35},
  year={2015}
}

%-------------------------------------------------------------------
%-------------------------------------------------------------------
%----------------------Online Learning------------------------------
%-------------------------------------------------------------------
%-------------------------------------------------------------------

@inproceedings{abernethy2009beating,
  title={Beating the Adaptive Bandit with High Probability.},
  author={Abernethy, Jacob D and Rakhlin, Alexander},
  booktitle={COLT},
  year={2009}
}

@inproceedings{flaxman2005online,
  title={Online convex optimization in the bandit setting: gradient descent without a gradient},
  author={Flaxman, Abraham D and Kalai, Adam Tauman and McMahan, H Brendan},
  booktitle={Proceedings of the sixteenth annual ACM-SIAM symposium on Discrete algorithms},
  pages={385--394},
  year={2005},
  organization={Society for Industrial and Applied Mathematics}
}

@inproceedings{hillel2013distributed,
  title={Distributed exploration in multi-armed bandits},
  author={Hillel, Eshcar and Karnin, Zohar S and Koren, Tomer and Lempel, Ronny and Somekh, Oren},
  booktitle={Advances in Neural Information Processing Systems},
  pages={854--862},
  year={2013}
}

@article{seldin2014prediction,
  title={Prediction with limited advice and multiarmed bandits with paid observations},
  author={Seldin, Yevgeny and Bartlett, Peter L and Crammer, Koby and Abbasi-Yadkori, Yasin},
  year={2014}
}

@inproceedings{foster2016learning,
  title={Learning in games: Robustness of fast convergence},
  author={Foster, Dylan J and Lykouris, Thodoris and Sridharan, Karthik and Tardos, Eva and others},
  booktitle={Advances in Neural Information Processing Systems},
  pages={4727--4735},
  year={2016}
}

@inproceedings{syrgkanis2015fast,
  title={Fast convergence of regularized learning in games},
  author={Syrgkanis, Vasilis and Agarwal, Alekh and Luo, Haipeng and Schapire, Robert E},
  booktitle={Advances in Neural Information Processing Systems},
  pages={2989--2997},
  year={2015}
}

@article{dieuleveut2016harder,
  title={Harder, better, faster, stronger convergence rates for least-squares regression},
  author={Dieuleveut, Aymeric and Flammarion, Nicolas and Bach, Francis},
  journal={arXiv preprint arXiv:1602.05419},
  year={2016}
}

@article{forster2002relative,
  title={Relative expected instantaneous loss bounds},
  author={Forster, J{\"u}rgen and Warmuth, Manfred K},
  journal={Journal of Computer and System Sciences},
  volume={64},
  number={1},
  pages={76--102},
  year={2002},
  publisher={Elsevier}
}
@article{megiddo1983linear,
  title={Linear-time algorithms for linear programming in R\^{}3 and related problems},
  author={Megiddo, Nimrod},
  journal={SIAM journal on computing},
  volume={12},
  number={4},
  pages={759--776},
  year={1983},
  publisher={SIAM}
}

@article{harvillematrix,
  title={MATRIX ALGEBRA FROM A STATISTICIAN’S PERSPECTIVE},
  author={Harville, David A.},
  publisher={Springer},
  year = {1997}
}

@article{foster1991,
  author = 	 {Dean P. Foster},
  title = 	 {Prediction in the worst case},
  journal =  {Annals of Statistics},
  year = 	 1991,
  volume = 	 {19},
  number =   {2},
  pages = 	 {1084--1090}
}

@incollection{time.series,
title = {Minimax Time Series Prediction},
author = {Koolen, Wouter M. and Malek, Alan and Bartlett, Peter L. and Abbasi, Yasin},
booktitle = {Advances in Neural Information Processing Systems 28},
editor = {C. Cortes and N.D. Lawrence and D.D. Lee and M. Sugiyama and R. Garnett and R. Garnett},
pages = {2548--2556},
year = {2015},
publisher = {Curran Associates, Inc.},
url = {http://papers.nips.cc/paper/5730-minimax-time-series-prediction.pdf}
}

@InProceedings{minimax.regression,
  author = 	 {Peter L. Bartlett and Wouter M. Koolen and Alan Malek  and Manfred K. Warmuth and Eiji Takimoto},
  title = 	 {Minimax Fixed-design Linear Regression},
  year = 2015,
    booktitle = {Proceedings of The 28th Annual Conference on Learning Theory (COLT)},
  editor    = {P. Gr\"unwald and E. Hazan and S. Kale},
  pages = {226--239},
  }

@article{stewart1969continuity,
  title={On the Continuity of the Generalized Inverse},
  author={Stewart, GW},
  journal={SIAM Journal on Applied Mathematics},
  volume={17},
  number={1},
  pages={33--45},
  year={1969},
  publisher={JSTOR}
}
@inproceedings{mcmahan2013minimax,
  title={Minimax optimal algorithms for unconstrained linear optimization},
  author={McMahan, Brendan and Abernethy, Jacob},
  booktitle={Advances in Neural Information Processing Systems},
  pages={2724--2732},
  year={2013}
}

@inproceedings{vovk1990aggregating,
  title={Aggregating strategies},
  author={Vovk, Volodimir G.},
  booktitle={Proc. Third Workshop on Computational Learning Theory},
  pages={371--383},
  year={1990},
  organization={Morgan Kaufmann}
}
@article{bianchilongwarmuth96,
  title={Worst-case quadratic loss bounds for prediction using linear functions and gradient descent},
  author={Cesa-Bianchi, Nicolo and Long, Philip M. and Warmuth, Manfred K.},
  journal={Neural Networks, IEEE Transactions on},
  volume={7},
  number={3},
  pages={604--619},
  year={1996},
  publisher={IEEE}
}
@article{wm,
  title={The weighted majority algorithm},
  author={Littlestone, Nick and Warmuth, Manfred K.},
  journal={Information and Computation},
  volume={108},
  number={2},
  pages={212--261},
  year={1994},
  publisher={Elsevier}
}
@article{moroshko2014weighted,
  title={Weighted last-step min--max algorithm with improved sub-logarithmic regret},
  author={Moroshko, Edward and Crammer, Koby},
  journal={Theoretical Computer Science},
  volume={558},
  pages={107--124},
  year={2014},
  publisher={Elsevier}
}

@inproceedings{forster1999relative,
  title={On relative loss bounds in generalized linear regression},
  author={Forster, J{\"u}rgen},
  booktitle={Fundamentals of Computation Theory},
  pages={269--280},
  year={1999},
  organization={Springer}
}

@article{kivinen1997exponentiated,
  title={Exponentiated gradient versus gradient descent for linear predictors},
  author={Kivinen, Jyrki and Warmuth, Manfred K.},
  journal={Information and Computation},
  volume={132},
  number={1},
  pages={1--63},
  year={1997},
  publisher={Elsevier}
}
@inproceedings{cesa1997analysis,
  title={Analysis of two gradient-based algorithms for on-line regression},
  author={Cesa-Bianchi, Nicol{\`o}},
  booktitle={Proceedings of the tenth annual conference on Computational learning theory},
  pages={163--170},
  year={1997},
  organization={ACM}
}

@article{gerchinovitz2014adaptive,
  title={Adaptive and optimal online linear regression on ℓ1-balls},
  author={Gerchinovitz, S{\'e}bastien and Yu, Jia Yuan},
  journal={Theoretical Computer Science},
  volume={519},
  pages={4--28},
  year={2014},
  publisher={Elsevier}
}
@inproceedings{koolen2014efficient,
  title={Efficient Minimax Strategies for Square Loss Games},
  author={Koolen, Wouter M. and Malek, Alan and Bartlett, Peter L.},
  booktitle={Advances in Neural Information Processing Systems},
  pages={3230--3238},
  year={2014}
}

@article{vovk1998competitive,
  title={Competitive on-line linear regression},
  author={Vovk, Volodya},
  journal={Advances in Neural Information Processing Systems},
  pages={364--370},
  year={1998},
  publisher={MORGAN KAUFMANN PUBLISHERS}
}

@article{azoury2001relative,
  title={Relative loss bounds for on-line density estimation with the exponential family of distributions},
  author={Azoury, Katy S. and Warmuth, Manfred K.},
  journal={Machine Learning},
  volume={43},
  number={3},
  pages={211--246},
  year={2001},
  publisher={Springer}
}

@article{singer2002universal,
  title={Universal linear least squares prediction: upper and lower bounds},
  author={Singer, Andrew C. and Kozat, Suleyman Serdar and Feder, Meir},
  journal={Information Theory, IEEE Transactions on},
  volume={48},
  number={8},
  pages={2354--2362},
  year={2002},
  publisher={IEEE}
}

@inproceedings{hedayati2012exchangeability,
  title={Exchangeability Characterizes Optimality of Sequential Normalized Maximum Likelihood and Bayesian Prediction with Jeffreys Prior},
  author={Hedayati, Fares and Bartlett, Peter L.},
  booktitle={International Conference on Artificial Intelligence and Statistics},
  pages={504--510},
  year={2012}
}

@article{Sion1958,
  author    = {Maurice Sion},
  title     = {On general minimax theorems},
  journal   = {Pacific J. Math.},
  volume    = {8},
  number    = {1},
  year      = {1958},
  pages      = {171--176},
}

@article{SNML2013,
  author    = {Peter L. Bartlett and
               Peter Gr{\"u}nwald and
               Peter Harremo{\"e}s and
               Fares Hedayati and
               Wojciech Kot{\l}owski},
  title     = {Horizon-Independent Optimal Prediction with Log-Loss in
               Exponential Families},
  journal   = {CoRR},
  volume    = {abs/1305.4324},
  year      = {2013},
  ee        = {http://arxiv.org/abs/1305.4324},
  bibsource = {DBLP, http://dblp.uni-trier.de}
}

@article{rakhlinrelax,
  author    = {Alexander Rakhlin and
               Ohad Shamir and
               Karthik Sridharan},
  title     = {Relax and Localize: From Value to Algorithms},
  journal   = {CoRR},
  volume    = {abs/1204.0870},
  year      = {2012},
  ee        = {http://arxiv.org/abs/1204.0870},
  bibsource = {DBLP, http://dblp.uni-trier.de}
}


@book{cesa2006prediction,
  title={Prediction, learning, and games},
  author = {Nicol\`o Cesa-Bianchi and G\'abor Lugosi},
  year={2006},
  publisher={Cambridge University Press}
}

@article{shtar1987universal,
  title={Universal sequential coding of single messages},
  author={Shtarkov, Yurii Mikhailovich},
  journal={Problemy Peredachi Informatsii},
  volume={23},
  number={3},
  pages={3--17},
  year={1987},
  publisher={Russian Academy of Sciences, Branch of Informatics, Computer Equipment and Automatization}
}


@String{COLT = {Annual Conference on Learning Theory (COLT)}}

@article{Gneiting2007,
  title={Strictly proper scoring rules, prediction, and estimation},
  author={Gneiting, Tilmann and Raftery, Adrian E.},
  journal={Journal of the American Statistical Association},
  volume={102},
  number={477},
  pages={359--378},
  year={2007},
  publisher={Taylor \& Francis}
}
@article{brier1950,
  title={Verification of forecasts expressed in terms of probability},
  author={Brier, Glenn W.},
  journal={Monthly weather review},
  volume={78},
  number={1},
  pages={1--3},
  year={1950}
}
@article{DeFarias-VanRoy-2004,
    author = {D. P. de Farias and B. {V}an Roy},
    title = {On Constraint Sampling in the Linear Programming Approach to Approximate Dynamic Programming},
    journal = {Mathematics of Operations Research},
    year = {2004},
    volume = {29}
    }




@PhdThesis{wouter.dissertation,
  author = 	 {Wouter M. Koolen},
  title = 	 {Combining Strategies Efficiently: High-quality Decisions from Conflicting Advice},
  school = 	 {Institute of Logic, Language and Computation (ILLC), University of Amsterdam},
  year = 	 2011,
  month = 	 Jan,
  ee = {http://dare.uva.nl/record/363018},
  comment-ee= {http://www.cwi.nl/news/2011/computer-programs-advise-stock-market-investment}
}


@inproceedings{NIPS2011_0247,
 title ={Efficient Online Learning via Randomized Rounding},
 author={Nicol{\`o} Cesa-Bianchi and Ohad Shamir},
 booktitle = {Advances in Neural Information Processing Systems 24},
 editor = {J. Shawe-Taylor and R.S. Zemel and P. Bartlett and F.C.N. Pereira and K.Q. Weinberger},
 pages = {343--351},
 year = 2011
}

@ARTICLE{CFHHSW1997,
  author = {Nicol{\`o} Cesa-Bianchi and Yoav Freund and David Haussler and David
        P. Helmbold and Robert E. Schapire and Manfred K. Warmuth},
  title = {How to Use Expert Advice},
  journal = {Journal of the ACM},
  year = {1997},
  volume = {44},
  pages = {427--485},
  number = {3}
}


@InProceedings{pareto_regret,
  author = 	 {Wouter M. Koolen},
  title = 	 {The {P}areto Regret Frontier},
  booktitle = {Advances in Neural Information Processing Systems (NIPS) 26},
  editor = {Christopher J.C. Burges and Leon Bottou and Max Welling and Zoubin Ghahramani and Kilian Q. Weinberger},
  year = 	 2013,
  month = 	 Dec,
  pages = {863--871},
  ee = {http://media.nips.cc/nipsbooks/nipspapers/paper_files/nips26/477.pdf},
}


@InProceedings{directions,
  author = 	 {Wouter M. Koolen and Jiazhong Nie and Manfred K. Warmuth},
  title = 	 {Learning a set of directions},
  booktitle = {Proceedings of the 26th } #COLT,
  year = 	 2013,
  month = 	 Jun,
  editor = {Shai Shalev-Shwartz and Ingo Steinwart},
ee ={http://jmlr.org/proceedings/papers/v30/Koolen13.pdf}}


@inproceedings{MinMaxGaussDens,
        Author = {Eiji Takimoto and Manfred K. Warmuth},
        Booktitle = {13th COLT},
        Pages = {100--106},
        Title = {The minimax strategy for {G}aussian density estimation},
        Year = {2000}}

@InProceedings{Fast.Multinomial.NML,
  author =       {Petri Kontkanen and Petri Myllym\"aki},
  title =        {A Fast Normalized Maximum Likelihood Algorithm for Multinomial Data},
  booktitle =    {Proceedings of the Nineteenth International Joint Conference on Artificial Intelligence (IJCAI-05)},
  pages =        {1613--1616},
  year =         2005
}


@inproceedings{Expert.Budgeted.Lstar,
  author    = {Jacob Abernethy and Manfred K. Warmuth and Joel Yellin},
  title     = {When Random Play is Optimal Against an Adversary},
  booktitle = {COLT},
  year      = 2008,
  pages     = {437--446},
  ee        = {http://colt2008.cs.helsinki.fi/papers/121-Abernethy.pdf},
  crossref  = {DBLP:conf/colt/2008},
  bibsource = {DBLP, http://dblp.uni-trier.de}
}

@proceedings{DBLP:conf/colt/2008,
  editor    = {Rocco A. Servedio and
               Tong Zhang},
  title     = {21st Annual Conference on Learning Theory - COLT 2008, Helsinki,
               Finland, July 9-12, 2008},
  booktitle = {COLT},
  publisher = {Omnipress},
  year      = 2008,
  bibsource = {DBLP, http://dblp.uni-trier.de}
}


@article{vovk2009prediction,
  title={Prediction with expert advice for the {B}rier game},
  author={Vovk, Vladimir and Zhdanov, Fedor},
  journal={The Journal of Machine Learning Research},
  volume={10},
  pages={2445--2471},
  year={2009},
  publisher={JMLR. org}
}

@inproceedings{abrt08,
  author    = {Jacob Abernethy and Peter L.~Bartlett and
Alexander Rakhlin and Ambuj Tewari},
  title     = {Optimal strategies and minimax lower bounds for online
               convex games},
  booktitle = {COLT},
  year      = 2008,
  pages     = {415--423},
  ee        = {http://colt2008.cs.helsinki.fi/papers/121-Abernethy.pdf},
  crossref  = {DBLP:conf/colt/2008},
  bibsource = {DBLP, http://dblp.uni-trier.de}
}


@Article{constr_eigen_prob,
  author = 	 {Walter Gander and Gene H. Golub and Urs von Matt},
  title = 	 {A Constrained Eigenvalue Problem},
  journal = 	 {Linear Algebra and its Applications},
  year = 	 1989,
  volume = 	 {114/115},
  pages = 	 {815--839}}


@book{boyd
,       author = "Stephen Boyd and Lieven Vandenberghe"
,       title = "Convex Optimization"
,       publisher = "Cambridge University Press"
,       year = "2004"
}

@book{Tsybakov-2008-book,
 author = {Tsybakov, Alexandre B.},
 title = {Introduction to Nonparametric Estimation},
 year = {2008},
 isbn = {0387790519, 9780387790510},
 edition = {1st},
 publisher = {Springer Publishing Company, Incorporated},
} 

@Unpublished{mmde.journal,
  author = 	 {Eiji Takimoto and Manfred K. Warmuth},
  title = 	 {The Minimax Strategy for Gaussian Density Estimation},
  note = 	 {Private communication},
  month = 	 Feb,
  year = 	 2006}

@book{Grunwald-mdl-2007,
  title={The Minimum Description Length Principle},
  author={Peter D. Gr{\"u}nwald},
  publisher = {MIT Press},
  year = {2007}
}
